<record><leader>01172cas a2200277 a 4500</leader><controlfield tag="001">009224859</controlfield><controlfield tag="003">MiAaHDL</controlfield><controlfield tag="005">20101116000000.0</controlfield><controlfield tag="006">m        d        </controlfield><controlfield tag="007">cr bn ---auaua</controlfield><controlfield tag="008">990322c19989999nyuuu m       0    0eng d</controlfield><datafield tag="010" ind1=" " ind2=" "><subfield code="a">sn 98000748 </subfield></datafield><datafield tag="022" ind1="0" ind2=" "><subfield code="a">1520-295X</subfield></datafield><datafield tag="035" ind1=" " ind2=" "><subfield code="a">sdr-coo3386060</subfield></datafield><datafield tag="035" ind1=" " ind2=" "><subfield code="a">(OCoLC)39380183</subfield></datafield><datafield tag="037" ind1=" " ind2=" "><subfield code="b">Multidisciplinary Center for Earthquake Engineering Research, State University of New York at Buffalo, Buffalo, NY 14261</subfield><subfield code="c">$300.00</subfield></datafield><datafield tag="040" ind1=" " ind2=" "><subfield code="a">NSDP</subfield><subfield code="c">NSDP</subfield><subfield code="d">NIC</subfield><subfield code="d">NIC</subfield></datafield><datafield tag="042" ind1=" " ind2=" "><subfield code="a">msc</subfield></datafield><datafield tag="130" ind1="0" ind2=" "><subfield code="a">Technical report (Multidisciplinary Center for Earthquake Engineering Research (U.S.))</subfield></datafield><datafield tag="245" ind1="0" ind2="0"><subfield code="a">Technical report /</subfield><subfield code="c">Multidisciplinary Center for Earthquake Engineering Research.</subfield></datafield><datafield tag="260" ind1=" " ind2=" "><subfield code="a">Buffalo, NY :</subfield><subfield code="b">The Center,</subfield></datafield><datafield tag="300" ind1=" " ind2=" "><subfield code="a">v. :</subfield><subfield code="b">ill. ;</subfield><subfield code="c">28 cm.</subfield></datafield><datafield tag="310" ind1=" " ind2=" "><subfield code="a">Irregular</subfield></datafield><datafield tag="362" ind1="0" ind2=" "><subfield code="a">MCEER-98-0001-</subfield></datafield><datafield tag="500" ind1=" " ind2=" "><subfield code="a">Each no. has also a distinctive title.</subfield></datafield><datafield tag="530" ind1=" " ind2=" "><subfield code="a">Some issues accompanied by CD-ROM.</subfield></datafield><datafield tag="538" ind1=" " ind2=" "><subfield code="a">Mode of access: Internet.</subfield></datafield><datafield tag="650" ind1=" " ind2="0"><subfield code="a">Earthquake engineering</subfield><subfield code="x">Research</subfield><subfield code="x">Periodicals.</subfield></datafield><datafield tag="710" ind1="2" ind2=" "><subfield code="a">Multidisciplinary Center for Earthquake Engineering Research (U.S.)</subfield></datafield><datafield tag="780" ind1="0" ind2="0"><subfield code="t">Technical report (National Center for Earthquake Engineering Research (U.S))</subfield><subfield code="x">1088-3800</subfield><subfield code="w">(DLC)sn 96002115</subfield></datafield><datafield tag="CID" ind1=" " ind2=" "><subfield code="a">009224859</subfield></datafield><datafield tag="DAT" ind1="0" ind2=" "><subfield code="a">20101019093244.0</subfield><subfield code="b">20101116000000.0</subfield></datafield><datafield tag="DAT" ind1="1" ind2=" "><subfield code="a">20120814072922.0</subfield><subfield code="b">2019-02-25T19:00:03Z</subfield></datafield><datafield tag="DAT" ind1="2" ind2=" "><subfield code="a">2019-02-25T19:00:02Z</subfield></datafield><datafield tag="CAT" ind1=" " ind2=" "><subfield code="a">SDR-COO</subfield><subfield code="d">UNKNOWN</subfield><subfield code="l">loader.pl-001-001</subfield></datafield><datafield tag="FMT" ind1=" " ind2=" "><subfield code="a">SE</subfield></datafield><datafield tag="HOL" ind1=" " ind2=" "><subfield code="0">sdr-coo3386060</subfield><subfield code="a">coo</subfield><subfield code="b">SDR</subfield><subfield code="c">COO</subfield><subfield code="p">coo.31924077859779</subfield><subfield code="s">COO</subfield><subfield code="z">00:0001</subfield><subfield code="1">3386060</subfield></datafield><datafield tag="974" ind1=" " ind2=" "><subfield code="b">COO</subfield><subfield code="c">COO</subfield><subfield code="d">20190225</subfield><subfield code="s">google</subfield><subfield code="u">coo.31924077859779</subfield><subfield code="z">00:0001</subfield><subfield code="r">und</subfield><subfield code="q">bib</subfield><subfield code="t">US bib date2 &gt;= 1927</subfield></datafield><datafield tag="974" ind1=" " ind2=" "><subfield code="b">COO</subfield><subfield code="c">COO</subfield><subfield code="d">20190225</subfield><subfield code="s">google</subfield><subfield code="u">coo.31924077881971</subfield><subfield code="z">00-0007</subfield><subfield code="r">und</subfield><subfield code="q">bib</subfield><subfield code="t">US bib date2 &gt;= 1927</subfield></datafield><datafield tag="974" ind1=" " ind2=" "><subfield code="b">COO</subfield><subfield code="c">COO</subfield><subfield code="d">20190225</subfield><subfield code="s">google</subfield><subfield code="u">coo.31924077881989</subfield><subfield code="z">00-0008</subfield><subfield code="r">und</subfield><subfield code="q">bib</subfield><subfield code="t">US bib date2 &gt;= 1927</subfield></datafield><datafield tag="974" ind1=" " ind2=" "><subfield code="b">COO</subfield><subfield code="c">COO</subfield><subfield code="d">20190803</subfield><subfield code="s">google</subfield><subfield code="u">coo.31924077886459</subfield><subfield code="z">99-0013</subfield><subfield code="r">und</subfield><subfield code="q">bib</subfield><subfield code="t">US bib date2 &gt;= 1927</subfield></datafield><datafield tag="974" ind1=" " ind2=" "><subfield code="b">COO</subfield><subfield code="c">COO</subfield><subfield code="d">20190225</subfield><subfield code="s">google</subfield><subfield code="u">coo.31924083117196</subfield><subfield code="z">01-0004</subfield><subfield code="r">und</subfield><subfield code="q">bib</subfield><subfield code="t">US bib date2 &gt;= 1927</subfield></datafield><datafield tag="974" ind1=" " ind2=" "><subfield code="b">COO</subfield><subfield code="c">COO</subfield><subfield code="d">20190715</subfield><subfield code="s">google</subfield><subfield code="u">coo.31924084303134</subfield><subfield code="z">98-0011</subfield><subfield code="r">und</subfield><subfield code="q">bib</subfield><subfield code="t">US bib date2 &gt;= 1927</subfield></datafield><datafield tag="974" ind1=" " ind2=" "><subfield code="b">COO</subfield><subfield code="c">COO</subfield><subfield code="d">20190225</subfield><subfield code="s">google</subfield><subfield code="u">coo.31924087100792</subfield><subfield code="z">00-0003</subfield><subfield code="r">und</subfield><subfield code="q">bib</subfield><subfield code="t">US bib date2 &gt;= 1927</subfield></datafield><datafield tag="974" ind1=" " ind2=" "><subfield code="b">COO</subfield><subfield code="c">COO</subfield><subfield code="d">20190225</subfield><subfield code="s">google</subfield><subfield code="u">coo.31924090392139</subfield><subfield code="z">00-0011</subfield><subfield code="r">und</subfield><subfield code="q">bib</subfield><subfield code="t">US bib date2 &gt;= 1927</subfield></datafield><datafield tag="974" ind1=" " ind2=" "><subfield code="b">COO</subfield><subfield code="c">COO</subfield><subfield code="d">20190225</subfield><subfield code="s">google</subfield><subfield code="u">coo.31924090392147</subfield><subfield code="z">00-0012</subfield><subfield code="r">und</subfield><subfield code="q">bib</subfield><subfield code="t">US bib date2 &gt;= 1927</subfield></datafield><datafield tag="974" ind1=" " ind2=" "><subfield code="b">COO</subfield><subfield code="c">COO</subfield><subfield code="d">20190225</subfield><subfield code="s">google</subfield><subfield code="u">coo.31924090392154</subfield><subfield code="z">00-0013</subfield><subfield code="r">und</subfield><subfield code="q">bib</subfield><subfield code="t">US bib date2 &gt;= 1927</subfield></datafield><datafield tag="974" ind1=" " ind2=" "><subfield code="b">COO</subfield><subfield code="c">COO</subfield><subfield code="d">20190225</subfield><subfield code="s">google</subfield><subfield code="u">coo.31924090392162</subfield><subfield code="z">00-0014</subfield><subfield code="r">und</subfield><subfield code="q">bib</subfield><subfield code="t">US bib date2 &gt;= 1927</subfield></datafield><datafield tag="974" ind1=" " ind2=" "><subfield code="b">COO</subfield><subfield code="c">COO</subfield><subfield code="d">20190225</subfield><subfield code="s">google</subfield><subfield code="u">coo.31924090392493</subfield><subfield code="z">00-0010</subfield><subfield code="r">und</subfield><subfield code="q">bib</subfield><subfield code="t">US bib date2 &gt;= 1927</subfield></datafield><datafield tag="974" ind1=" " ind2=" "><subfield code="b">COO</subfield><subfield code="c">COO</subfield><subfield code="d">20210128</subfield><subfield code="s">google</subfield><subfield code="u">coo.31924090408018</subfield><subfield code="z">2003-0001</subfield><subfield code="y">2003</subfield><subfield code="r">ic</subfield><subfield code="q">bib</subfield><subfield code="t">US serial item date &gt;= 1927</subfield></datafield><datafield tag="974" ind1=" " ind2=" "><subfield code="b">COO</subfield><subfield code="c">COO</subfield><subfield code="d">20190225</subfield><subfield code="s">google</subfield><subfield code="u">coo.31924090408034</subfield><subfield code="z">2003-0005</subfield><subfield code="y">2003</subfield><subfield code="r">ic</subfield><subfield code="q">bib</subfield><subfield code="t">US serial item date &gt;= 1927</subfield></datafield><datafield tag="974" ind1=" " ind2=" "><subfield code="b">COO</subfield><subfield code="c">COO</subfield><subfield code="d">20190225</subfield><subfield code="s">google</subfield><subfield code="u">coo.31924090422696</subfield><subfield code="z">2002-02 SP08</subfield><subfield code="y">2002</subfield><subfield code="r">ic</subfield><subfield code="q">bib</subfield><subfield code="t">US serial item date &gt;= 1927</subfield></datafield><datafield tag="974" ind1=" " ind2=" "><subfield code="b">COO</subfield><subfield code="c">COO</subfield><subfield code="d">20190225</subfield><subfield code="s">google</subfield><subfield code="u">coo.31924090423462</subfield><subfield code="z">02-0003</subfield><subfield code="r">und</subfield><subfield code="q">bib</subfield><subfield code="t">US bib date2 &gt;= 1927</subfield></datafield><datafield tag="974" ind1=" " ind2=" "><subfield code="b">COO</subfield><subfield code="c">COO</subfield><subfield code="d">20190715</subfield><subfield code="s">google</subfield><subfield code="u">coo.31924090423470</subfield><subfield code="z">02-0004</subfield><subfield code="r">und</subfield><subfield code="q">bib</subfield><subfield code="t">US bib date2 &gt;= 1927</subfield></datafield><datafield tag="974" ind1=" " ind2=" "><subfield code="b">COO</subfield><subfield code="c">COO</subfield><subfield code="d">20190715</subfield><subfield code="s">google</subfield><subfield code="u">coo.31924090423488</subfield><subfield code="z">02-0005</subfield><subfield code="r">und</subfield><subfield code="q">bib</subfield><subfield code="t">US bib date2 &gt;= 1927</subfield></datafield><datafield tag="974" ind1=" " ind2=" "><subfield code="b">COO</subfield><subfield code="c">COO</subfield><subfield code="d">20190720</subfield><subfield code="s">google</subfield><subfield code="u">coo.31924090453790</subfield><subfield code="z">01-0003</subfield><subfield code="r">und</subfield><subfield code="q">bib</subfield><subfield code="t">US bib date2 &gt;= 1927</subfield></datafield><datafield tag="974" ind1=" " ind2=" "><subfield code="b">COO</subfield><subfield code="c">COO</subfield><subfield code="d">20190225</subfield><subfield code="s">google</subfield><subfield code="u">coo.31924090462403</subfield><subfield code="z">2004-0006</subfield><subfield code="y">2004</subfield><subfield code="r">ic</subfield><subfield code="q">bib</subfield><subfield code="t">US serial item date &gt;= 1927</subfield></datafield><datafield tag="974" ind1=" " ind2=" "><subfield code="b">COO</subfield><subfield code="c">COO</subfield><subfield code="d">20190225</subfield><subfield code="s">google</subfield><subfield code="u">coo.31924090605803</subfield><subfield code="z">01-0006</subfield><subfield code="r">und</subfield><subfield code="q">bib</subfield><subfield code="t">US bib date2 &gt;= 1927</subfield></datafield><datafield tag="974" ind1=" " ind2=" "><subfield code="b">COO</subfield><subfield code="c">COO</subfield><subfield code="d">20190225</subfield><subfield code="s">google</subfield><subfield code="u">coo.31924090607148</subfield><subfield code="z">01-0005</subfield><subfield code="r">und</subfield><subfield code="q">bib</subfield><subfield code="t">US bib date2 &gt;= 1927</subfield></datafield><datafield tag="974" ind1=" " ind2=" "><subfield code="b">COO</subfield><subfield code="c">COO</subfield><subfield code="d">20190225</subfield><subfield code="s">google</subfield><subfield code="u">coo.31924090999495</subfield><subfield code="z">00-0009</subfield><subfield code="r">und</subfield><subfield code="q">bib</subfield><subfield code="t">US bib date2 &gt;= 1927</subfield></datafield><datafield tag="974" ind1=" " ind2=" "><subfield code="b">COO</subfield><subfield code="c">COO</subfield><subfield code="d">20190225</subfield><subfield code="s">google</subfield><subfield code="u">coo.31924095138362</subfield><subfield code="z">02-0001</subfield><subfield code="r">und</subfield><subfield code="q">bib</subfield><subfield code="t">US bib date2 &gt;= 1927</subfield></datafield><datafield tag="974" ind1=" " ind2=" "><subfield code="b">COO</subfield><subfield code="c">COO</subfield><subfield code="d">20190225</subfield><subfield code="s">google</subfield><subfield code="u">coo.31924095138370</subfield><subfield code="z">02-0002</subfield><subfield code="r">und</subfield><subfield code="q">bib</subfield><subfield code="t">US bib date2 &gt;= 1927</subfield></datafield><datafield tag="974" ind1=" " ind2=" "><subfield code="b">COO</subfield><subfield code="c">COO</subfield><subfield code="d">20190225</subfield><subfield code="s">google</subfield><subfield code="u">coo.31924098266293</subfield><subfield code="z">2003-0004</subfield><subfield code="y">2003</subfield><subfield code="r">ic</subfield><subfield code="q">bib</subfield><subfield code="t">US serial item date &gt;= 1927</subfield></datafield><datafield tag="974" ind1=" " ind2=" "><subfield code="b">COO</subfield><subfield code="c">COO</subfield><subfield code="d">20190225</subfield><subfield code="s">google</subfield><subfield code="u">coo.31924098266301</subfield><subfield code="z">2003-0003</subfield><subfield code="y">2003</subfield><subfield code="r">ic</subfield><subfield code="q">bib</subfield><subfield code="t">US serial item date &gt;= 1927</subfield></datafield><datafield tag="974" ind1=" " ind2=" "><subfield code="b">COO</subfield><subfield code="c">COO</subfield><subfield code="d">20190225</subfield><subfield code="s">google</subfield><subfield code="u">coo.31924098839099</subfield><subfield code="z">2003-0006</subfield><subfield code="y">2003</subfield><subfield code="r">ic</subfield><subfield code="q">bib</subfield><subfield code="t">US serial item date &gt;= 1927</subfield></datafield><datafield tag="974" ind1=" " ind2=" "><subfield code="b">COO</subfield><subfield code="c">COO</subfield><subfield code="d">20190715</subfield><subfield code="s">google</subfield><subfield code="u">coo.31924098874906</subfield><subfield code="z">2004-03</subfield><subfield code="y">2004</subfield><subfield code="r">ic</subfield><subfield code="q">bib</subfield><subfield code="t">US serial item date &gt;= 1927</subfield></datafield><datafield tag="974" ind1=" " ind2=" "><subfield code="b">COO</subfield><subfield code="c">COO</subfield><subfield code="d">20190225</subfield><subfield code="s">google</subfield><subfield code="u">coo.31924098874914</subfield><subfield code="z">2004-02</subfield><subfield code="y">2004</subfield><subfield code="r">ic</subfield><subfield code="q">bib</subfield><subfield code="t">US serial item date &gt;= 1927</subfield></datafield><datafield tag="974" ind1=" " ind2=" "><subfield code="b">COO</subfield><subfield code="c">COO</subfield><subfield code="d">20190225</subfield><subfield code="s">google</subfield><subfield code="u">coo.31924098874922</subfield><subfield code="z">2004-01</subfield><subfield code="y">2004</subfield><subfield code="r">ic</subfield><subfield code="q">bib</subfield><subfield code="t">US serial item date &gt;= 1927</subfield></datafield><datafield tag="974" ind1=" " ind2=" "><subfield code="b">COO</subfield><subfield code="c">COO</subfield><subfield code="d">20190225</subfield><subfield code="s">google</subfield><subfield code="u">coo.31924100410228</subfield><subfield code="z">2004-09</subfield><subfield code="y">2009</subfield><subfield code="r">ic</subfield><subfield code="q">bib</subfield><subfield code="t">US serial item date &gt;= 1927</subfield></datafield><datafield tag="974" ind1=" " ind2=" "><subfield code="b">COO</subfield><subfield code="c">COO</subfield><subfield code="d">20190225</subfield><subfield code="s">google</subfield><subfield code="u">coo.31924100410236</subfield><subfield code="z">2004-08</subfield><subfield code="y">2008</subfield><subfield code="r">ic</subfield><subfield code="q">bib</subfield><subfield code="t">US serial item date &gt;= 1927</subfield></datafield><datafield tag="974" ind1=" " ind2=" "><subfield code="b">COO</subfield><subfield code="c">COO</subfield><subfield code="d">20190225</subfield><subfield code="s">google</subfield><subfield code="u">coo.31924100475783</subfield><subfield code="z">2005-08</subfield><subfield code="y">2008</subfield><subfield code="r">ic</subfield><subfield code="q">bib</subfield><subfield code="t">US serial item date &gt;= 1927</subfield></datafield><datafield tag="974" ind1=" " ind2=" "><subfield code="b">COO</subfield><subfield code="c">COO</subfield><subfield code="d">20190225</subfield><subfield code="s">google</subfield><subfield code="u">coo.31924100475841</subfield><subfield code="z">2005-07</subfield><subfield code="y">2007</subfield><subfield code="r">ic</subfield><subfield code="q">bib</subfield><subfield code="t">US serial item date &gt;= 1927</subfield></datafield><datafield tag="974" ind1=" " ind2=" "><subfield code="b">COO</subfield><subfield code="c">COO</subfield><subfield code="d">20190225</subfield><subfield code="s">google</subfield><subfield code="u">coo.31924100475908</subfield><subfield code="z">2005-05</subfield><subfield code="y">2005</subfield><subfield code="r">ic</subfield><subfield code="q">bib</subfield><subfield code="t">US serial item date &gt;= 1927</subfield></datafield><datafield tag="974" ind1=" " ind2=" "><subfield code="b">COO</subfield><subfield code="c">COO</subfield><subfield code="d">20210128</subfield><subfield code="s">google</subfield><subfield code="u">coo.31924100522477</subfield><subfield code="z">2004-11</subfield><subfield code="y">2011</subfield><subfield code="r">ic</subfield><subfield code="q">bib</subfield><subfield code="t">US serial item date &gt;= 1927</subfield></datafield><datafield tag="974" ind1=" " ind2=" "><subfield code="b">COO</subfield><subfield code="c">COO</subfield><subfield code="d">20210128</subfield><subfield code="s">google</subfield><subfield code="u">coo.31924100522535</subfield><subfield code="z">2005-01</subfield><subfield code="y">2005</subfield><subfield code="r">ic</subfield><subfield code="q">bib</subfield><subfield code="t">US serial item date &gt;= 1927</subfield></datafield><datafield tag="974" ind1=" " ind2=" "><subfield code="b">COO</subfield><subfield code="c">COO</subfield><subfield code="d">20210128</subfield><subfield code="s">google</subfield><subfield code="u">coo.31924100522592</subfield><subfield code="z">2005-02</subfield><subfield code="y">2005</subfield><subfield code="r">ic</subfield><subfield code="q">bib</subfield><subfield code="t">US serial item date &gt;= 1927</subfield></datafield><datafield tag="974" ind1=" " ind2=" "><subfield code="b">COO</subfield><subfield code="c">COO</subfield><subfield code="d">20190715</subfield><subfield code="s">google</subfield><subfield code="u">coo.31924100522659</subfield><subfield code="z">2005-04</subfield><subfield code="y">2005</subfield><subfield code="r">ic</subfield><subfield code="q">bib</subfield><subfield code="t">US serial item date &gt;= 1927</subfield></datafield><datafield tag="974" ind1=" " ind2=" "><subfield code="b">COO</subfield><subfield code="c">COO</subfield><subfield code="d">20210128</subfield><subfield code="s">google</subfield><subfield code="u">coo.31924100522717</subfield><subfield code="z">2005-06</subfield><subfield code="y">2006</subfield><subfield code="r">ic</subfield><subfield code="q">bib</subfield><subfield code="t">US serial item date &gt;= 1927</subfield></datafield><datafield tag="974" ind1=" " ind2=" "><subfield code="b">COO</subfield><subfield code="c">COO</subfield><subfield code="d">20190225</subfield><subfield code="s">google</subfield><subfield code="u">coo.31924100629983</subfield><subfield code="z">2005-03</subfield><subfield code="y">2005</subfield><subfield code="r">ic</subfield><subfield code="q">bib</subfield><subfield code="t">US serial item date &gt;= 1927</subfield></datafield><datafield tag="974" ind1=" " ind2=" "><subfield code="b">COO</subfield><subfield code="c">COO</subfield><subfield code="d">20190225</subfield><subfield code="s">google</subfield><subfield code="u">coo.31924101900086</subfield><subfield code="z">2005-09</subfield><subfield code="y">2009</subfield><subfield code="r">ic</subfield><subfield code="q">bib</subfield><subfield code="t">US serial item date &gt;= 1927</subfield></datafield><datafield tag="974" ind1=" " ind2=" "><subfield code="b">COO</subfield><subfield code="c">COO</subfield><subfield code="d">20180906</subfield><subfield code="s">google</subfield><subfield code="u">coo.31924101900144</subfield><subfield code="z">2005-10</subfield><subfield code="y">2010</subfield><subfield code="r">ic</subfield><subfield code="q">bib</subfield><subfield code="t">US serial item date &gt;= 1927</subfield></datafield><datafield tag="974" ind1=" " ind2=" "><subfield code="b">COO</subfield><subfield code="c">COO</subfield><subfield code="d">20190225</subfield><subfield code="s">google</subfield><subfield code="u">coo.31924101900201</subfield><subfield code="z">2005-11</subfield><subfield code="y">2011</subfield><subfield code="r">ic</subfield><subfield code="q">bib</subfield><subfield code="t">US serial item date &gt;= 1927</subfield></datafield><datafield tag="974" ind1=" " ind2=" "><subfield code="b">COO</subfield><subfield code="c">COO</subfield><subfield code="d">20210128</subfield><subfield code="s">google</subfield><subfield code="u">coo.31924103597708</subfield><subfield code="z">2006-0004</subfield><subfield code="y">2006</subfield><subfield code="r">ic</subfield><subfield code="q">bib</subfield><subfield code="t">US serial item date &gt;= 1927</subfield></datafield><datafield tag="974" ind1=" " ind2=" "><subfield code="b">COO</subfield><subfield code="c">COO</subfield><subfield code="d">20210122</subfield><subfield code="s">google</subfield><subfield code="u">coo.31924103597724</subfield><subfield code="z">2006-0001</subfield><subfield code="y">2006</subfield><subfield code="r">ic</subfield><subfield code="q">bib</subfield><subfield code="t">US serial item date &gt;= 1927</subfield></datafield><datafield tag="974" ind1=" " ind2=" "><subfield code="b">COO</subfield><subfield code="c">COO</subfield><subfield code="d">20190225</subfield><subfield code="s">google</subfield><subfield code="u">coo.31924103795542</subfield><subfield code="z">2006-0002</subfield><subfield code="y">2006</subfield><subfield code="r">ic</subfield><subfield code="q">bib</subfield><subfield code="t">US serial item date &gt;= 1927</subfield></datafield><datafield tag="974" ind1=" " ind2=" "><subfield code="b">COO</subfield><subfield code="c">COO</subfield><subfield code="d">20210128</subfield><subfield code="s">google</subfield><subfield code="u">coo.31924105262210</subfield><subfield code="z">2006:06-SP07</subfield><subfield code="y">2006</subfield><subfield code="r">ic</subfield><subfield code="q">bib</subfield><subfield code="t">US serial item date &gt;= 1927</subfield></datafield><datafield tag="974" ind1=" " ind2=" "><subfield code="b">COO</subfield><subfield code="c">COO</subfield><subfield code="d">20210217</subfield><subfield code="s">google</subfield><subfield code="u">coo.31924107216677</subfield><subfield code="z">2008-08-SP03</subfield><subfield code="y">2008</subfield><subfield code="r">ic</subfield><subfield code="q">bib</subfield><subfield code="t">US serial item date &gt;= 1927</subfield></datafield><datafield tag="974" ind1=" " ind2=" "><subfield code="b">COO</subfield><subfield code="c">COO</subfield><subfield code="d">20210217</subfield><subfield code="s">google</subfield><subfield code="u">coo.31924107216693</subfield><subfield code="z">2008-08-SP01</subfield><subfield code="y">2008</subfield><subfield code="r">ic</subfield><subfield code="q">bib</subfield><subfield code="t">US serial item date &gt;= 1927</subfield></datafield><datafield tag="974" ind1=" " ind2=" "><subfield code="b">COO</subfield><subfield code="c">COO</subfield><subfield code="d">20220419</subfield><subfield code="s">google</subfield><subfield code="u">coo.31924109824080</subfield><subfield code="z">2008-08-0012</subfield><subfield code="y">2008</subfield><subfield code="r">ic</subfield><subfield code="q">bib</subfield><subfield code="t">US serial item date &gt;= 1927</subfield></datafield><datafield tag="974" ind1=" " ind2=" "><subfield code="b">COO</subfield><subfield code="c">COO</subfield><subfield code="d">20210217</subfield><subfield code="s">google</subfield><subfield code="u">coo.31924109824106</subfield><subfield code="z">2008-08-0018</subfield><subfield code="y">2008</subfield><subfield code="r">ic</subfield><subfield code="q">bib</subfield><subfield code="t">US serial item date &gt;= 1927</subfield></datafield><datafield tag="974" ind1=" " ind2=" "><subfield code="b">COO</subfield><subfield code="c">COO</subfield><subfield code="d">20220419</subfield><subfield code="s">google</subfield><subfield code="u">coo.31924109824114</subfield><subfield code="z">2008-08-0016</subfield><subfield code="y">2008</subfield><subfield code="r">ic</subfield><subfield code="q">bib</subfield><subfield code="t">US serial item date &gt;= 1927</subfield></datafield><datafield tag="974" ind1=" " ind2=" "><subfield code="b">COO</subfield><subfield code="c">COO</subfield><subfield code="d">20220419</subfield><subfield code="s">google</subfield><subfield code="u">coo.31924109824122</subfield><subfield code="z">2008-08-0015</subfield><subfield code="y">2008</subfield><subfield code="r">ic</subfield><subfield code="q">bib</subfield><subfield code="t">US serial item date &gt;= 1927</subfield></datafield><datafield tag="974" ind1=" " ind2=" "><subfield code="b">COO</subfield><subfield code="c">COO</subfield><subfield code="d">20220419</subfield><subfield code="s">google</subfield><subfield code="u">coo.31924109844757</subfield><subfield code="z">2008 08-0028</subfield><subfield code="y">2008</subfield><subfield code="r">ic</subfield><subfield code="q">bib</subfield><subfield code="t">US serial item date &gt;= 1927</subfield></datafield><datafield tag="974" ind1=" " ind2=" "><subfield code="b">COO</subfield><subfield code="c">COO</subfield><subfield code="d">20210217</subfield><subfield code="s">google</subfield><subfield code="u">coo.31924109844765</subfield><subfield code="z">2008 08-0027</subfield><subfield code="y">2008</subfield><subfield code="r">ic</subfield><subfield code="q">bib</subfield><subfield code="t">US serial item date &gt;= 1927</subfield></datafield><datafield tag="974" ind1=" " ind2=" "><subfield code="b">COO</subfield><subfield code="c">COO</subfield><subfield code="d">20210217</subfield><subfield code="s">google</subfield><subfield code="u">coo.31924109844773</subfield><subfield code="z">2008 08-0024</subfield><subfield code="y">2008</subfield><subfield code="r">ic</subfield><subfield code="q">bib</subfield><subfield code="t">US serial item date &gt;= 1927</subfield></datafield><datafield tag="974" ind1=" " ind2=" "><subfield code="b">COO</subfield><subfield code="c">COO</subfield><subfield code="d">20210217</subfield><subfield code="s">google</subfield><subfield code="u">coo.31924109975239</subfield><subfield code="z">2008-08-0013</subfield><subfield code="y">2008</subfield><subfield code="r">ic</subfield><subfield code="q">bib</subfield><subfield code="t">US serial item date &gt;= 1927</subfield></datafield><datafield tag="974" ind1=" " ind2=" "><subfield code="b">COO</subfield><subfield code="c">COO</subfield><subfield code="d">20220417</subfield><subfield code="s">google</subfield><subfield code="u">coo.31924109975247</subfield><subfield code="z">2008-08-0014</subfield><subfield code="y">2008</subfield><subfield code="r">ic</subfield><subfield code="q">bib</subfield><subfield code="t">US serial item date &gt;= 1927</subfield></datafield><datafield tag="974" ind1=" " ind2=" "><subfield code="b">COO</subfield><subfield code="c">COO</subfield><subfield code="d">20220419</subfield><subfield code="s">google</subfield><subfield code="u">coo.31924109975254</subfield><subfield code="z">2008-08-0019</subfield><subfield code="y">2008</subfield><subfield code="r">ic</subfield><subfield code="q">bib</subfield><subfield code="t">US serial item date &gt;= 1927</subfield></datafield><datafield tag="974" ind1=" " ind2=" "><subfield code="b">COO</subfield><subfield code="c">COO</subfield><subfield code="d">20220417</subfield><subfield code="s">google</subfield><subfield code="u">coo.31924109975809</subfield><subfield code="z">2008 08-0017</subfield><subfield code="y">2008</subfield><subfield code="r">ic</subfield><subfield code="q">bib</subfield><subfield code="t">US serial item date &gt;= 1927</subfield></datafield><datafield tag="974" ind1=" " ind2=" "><subfield code="b">COO</subfield><subfield code="c">COO</subfield><subfield code="d">20210217</subfield><subfield code="s">google</subfield><subfield code="u">coo.31924109975817</subfield><subfield code="z">2008 08-0025</subfield><subfield code="y">2008</subfield><subfield code="r">ic</subfield><subfield code="q">bib</subfield><subfield code="t">US serial item date &gt;= 1927</subfield></datafield><datafield tag="974" ind1=" " ind2=" "><subfield code="b">COO</subfield><subfield code="c">COO</subfield><subfield code="d">20220419</subfield><subfield code="s">google</subfield><subfield code="u">coo.31924109975825</subfield><subfield code="z">2008 08-0026</subfield><subfield code="y">2008</subfield><subfield code="r">ic</subfield><subfield code="q">bib</subfield><subfield code="t">US serial item date &gt;= 1927</subfield></datafield><datafield tag="974" ind1=" " ind2=" "><subfield code="b">COO</subfield><subfield code="c">COO</subfield><subfield code="d">20220419</subfield><subfield code="s">google</subfield><subfield code="u">coo.31924110147265</subfield><subfield code="z">2008-08-0011</subfield><subfield code="y">2008</subfield><subfield code="r">ic</subfield><subfield code="q">bib</subfield><subfield code="t">US serial item date &gt;= 1927</subfield></datafield><datafield tag="974" ind1=" " ind2=" "><subfield code="b">COO</subfield><subfield code="c">COO</subfield><subfield code="d">20210217</subfield><subfield code="s">google</subfield><subfield code="u">coo.31924110660226</subfield><subfield code="z">2009:09-0001</subfield><subfield code="y">2009</subfield><subfield code="r">ic</subfield><subfield code="q">bib</subfield><subfield code="t">US serial item date &gt;= 1927</subfield></datafield><datafield tag="974" ind1=" " ind2=" "><subfield code="b">COO</subfield><subfield code="c">COO</subfield><subfield code="d">20220317</subfield><subfield code="s">google</subfield><subfield code="u">coo.31924110660234</subfield><subfield code="z">2008 08-0022</subfield><subfield code="y">2008</subfield><subfield code="r">ic</subfield><subfield code="q">bib</subfield><subfield code="t">US serial item date &gt;= 1927</subfield></datafield><datafield tag="974" ind1=" " ind2=" "><subfield code="b">COO</subfield><subfield code="c">COO</subfield><subfield code="d">20210217</subfield><subfield code="s">google</subfield><subfield code="u">coo.31924110660242</subfield><subfield code="z">2008 08-0023</subfield><subfield code="y">2008</subfield><subfield code="r">ic</subfield><subfield code="q">bib</subfield><subfield code="t">US serial item date &gt;= 1927</subfield></datafield><datafield tag="974" ind1=" " ind2=" "><subfield code="b">COO</subfield><subfield code="c">COO</subfield><subfield code="d">20210217</subfield><subfield code="s">google</subfield><subfield code="u">coo.31924110660341</subfield><subfield code="z">2008 08-0021</subfield><subfield code="y">2008</subfield><subfield code="r">ic</subfield><subfield code="q">bib</subfield><subfield code="t">US serial item date &gt;= 1927</subfield></datafield><datafield tag="974" ind1=" " ind2=" "><subfield code="b">COO</subfield><subfield code="c">COO</subfield><subfield code="d">20210217</subfield><subfield code="s">google</subfield><subfield code="u">coo.31924110660440</subfield><subfield code="z">2009:09-0003</subfield><subfield code="y">2009</subfield><subfield code="r">ic</subfield><subfield code="q">bib</subfield><subfield code="t">US serial item date &gt;= 1927</subfield></datafield><datafield tag="974" ind1=" " ind2=" "><subfield code="b">COO</subfield><subfield code="c">COO</subfield><subfield code="d">20210217</subfield><subfield code="s">google</subfield><subfield code="u">coo.31924110941097</subfield><subfield code="z">2009 09-0002</subfield><subfield code="y">2009</subfield><subfield code="r">ic</subfield><subfield code="q">bib</subfield><subfield code="t">US serial item date &gt;= 1927</subfield></datafield><datafield tag="974" ind1=" " ind2=" "><subfield code="b">COO</subfield><subfield code="c">COO</subfield><subfield code="d">20210217</subfield><subfield code="s">google</subfield><subfield code="u">coo.31924110941105</subfield><subfield code="z">2009 09-0004</subfield><subfield code="y">2009</subfield><subfield code="r">ic</subfield><subfield code="q">bib</subfield><subfield code="t">US serial item date &gt;= 1927</subfield></datafield><datafield tag="974" ind1=" " ind2=" "><subfield code="b">COO</subfield><subfield code="c">COO</subfield><subfield code="d">20210217</subfield><subfield code="s">google</subfield><subfield code="u">coo.31924110941113</subfield><subfield code="z">2009 09-0008</subfield><subfield code="y">2009</subfield><subfield code="r">ic</subfield><subfield code="q">bib</subfield><subfield code="t">US serial item date &gt;= 1927</subfield></datafield></record>